@article{bertolote2002global,
  title={A global perspective in the epidemiology of suicide},
  author={Bertolote, Jos{\'e} Manoel and Fleischmann, Alexandra},
  journal={Suicidologi},
  volume={7},
  number={2},
  year={2002}
}

@article{bertolote2004psychiatric,
  title={Psychiatric diagnoses and suicide: revisiting the evidence},
  author={Bertolote, Jos{\'e} Manoel and Fleischmann, Alexandra and De Leo, Diego and Wasserman, Danuta},
  journal={Crisis},
  volume={25},
  number={4},
  pages={147--155},
  year={2004},
  publisher={Hogrefe \& Huber Publishers}
}

@article{chang2011depressed,
  title={The depressed patient and suicidal patient in the emergency department: evidence-based management and treatment strategies.},
  author={Chang, Bernard and Gitlin, David and Patel, Ronak},
  journal={Emergency medicine practice},
  volume={13},
  number={9},
  pages={1--23},
  year={2011}
}

@article{ferrari2014burden,
  title={The burden attributable to mental and substance use disorders as risk factors for suicide: findings from the Global Burden of Disease Study 2010},
  author={Ferrari, Alize J and Norman, Rosana E and Freedman, Greg and Baxter, Amanda J and Pirkis, Jane E and Harris, Meredith G and Page, Andrew and Carnahan, Emily and Degenhardt, Louisa and Vos, Theo and others},
  journal={PloS one},
  volume={9},
  number={4},
  pages={e91936},
  year={2014},
  publisher={Public Library of Science San Francisco, USA}
}

